%
%  Vzor bibliografické databáze pro automatickou tvorbu seznamu referencí
%  pomocí BibTeXu
%
%  Doporučený software pro správu databáze literatury formátu *.bib:
%    JabRef, http://jabref.sourceforge.net/
%
%  POZOR:
%
%    *  Písmena v názvech publikací, jež je třeba tisknout vždy velká, se musejí psát
%       do složených závorek ({T}hailand, {HIV})
%
%  ===========================================================================


% TODO pred odovzdanim upravit popisky kedy boli linky dostupne
@online{JDBC_OVERVIEW,
  key = {{JDBC Introduction}},
  title = {{JDBC Introduction pages}},
  url = {https://docs.oracle.com/javase/tutorial/jdbc/overview/index.html},
  note = {Dostupné 28.3.2018},
}

@online{java.sql,
  key = {{java.sql}},
  title = {{Documentation for package java.sql}},
  url = {https://docs.oracle.com/javase/8/docs/api/java/sql/package-summary.html},
  note = {Dostupné 28.3.2018},
}

@online{javax.sql,
  key = {{javax.sql}},
  title = {{Documentation for package javax.sql}},
  url = {https://docs.oracle.com/javase/8/docs/api/javax/sql/package-summary.html},
  note = {Dostupné 28.3.2018},
}

@online{SpringJDBC,
  key = {{Spring JDBC Framework}},
  title = {{Spring JDBC Framework manual pages}},
  url = {https://docs.spring.io/spring/docs/2.0.x/reference/jdbc.html},
  note = {Dostupné 28.3.2018},
}

@online{MyBatis,
  key = {{MyBatis Framework}},
  title = {{MyBatis Framework manual pages}},
  url = {http://www.mybatis.org/mybatis-3/},
  note = {Dostupné 28.3.2018},
}


@online{Kafka,
  key = {{Kafka Framework}},
  title = {{Apache Kafka Framework manual pages}},
  url = {http://kafka.apache.org/documentation/},
  note = {Dostupné 28.3.2018},
}

@online{MantaFlow,
  key = {{MANTA Flow}},
  title = {{MANTA Flow pages}},
  url = {https://getmanta.com/},
  note = {Dostupné 28.3.2018},
}

@online{WalaFramework,
  key = {{WALA Framework}},
  title = {{WALA Framework pages}},
  url = {http://wala.sourceforge.net/wiki/index.php/Main_Page},
  note = {Dostupné 28.3.2018},
}



@article{PointerAnalysis,
  url = {http://dx.doi.org/10.1561/2500000014},
  year = {2015},
  volume = {2},
  journal = {Foundations and Trends® in Programming Languages},
  title = {Pointer Analysis},
  doi = {10.1561/2500000014},
  issn = {2325-1107},
  number = {1},
  pages = {1-69},
  author = {Yannis Smaragdakis and George Balatsouras}
}


@article{DataLineageInBioInformatics,
 author = {Buneman, Peter and Chapman, Adriane and Cheney, James},
 title = {Provenance Management in Curated Databases},
 booktitle = {Proceedings of the 2006 ACM SIGMOD International Conference on Management of Data},
 series = {SIGMOD '06},
 year = {2006},
 isbn = {1-59593-434-0},
 location = {Chicago, IL, USA},
 pages = {539--550},
 numpages = {12},
 url = {http://doi.acm.org/10.1145/1142473.1142534},
 doi = {10.1145/1142473.1142534},
 acmid = {1142534},
 publisher = {ACM},
 address = {New York, NY, USA},
 keywords = {curation, provenance, storage},
}

@article{DataLineageInProbabilisticDatabases,
 author = {R{\'e}, Christopher and Suciu, Dan},
 title = {Approximate Lineage for Probabilistic Databases},
 journal = {Proc. VLDB Endow.},
 issue_date = {August 2008},
 volume = {1},
 number = {1},
 month = aug,
 year = {2008},
 issn = {2150-8097},
 pages = {797--808},
 numpages = {12},
 url = {http://dx.doi.org/10.14778/1453856.1453943},
 doi = {10.14778/1453856.1453943},
 acmid = {1453943},
 publisher = {VLDB Endowment},
}


@techreport{DataLineageSurvey,
  type = {Technical Report},
  title = {Data Lineage: A Survey},
  author = {Robert Ikeda and Jennifer Widom},
  publisher = {Stanford InfoLab},
  year = {2009},
  institution = {Stanford University},
  url = {http://ilpubs.stanford.edu:8090/918/},
}

@Inbook{AliasAnalysis,
  author={Sridharan, Manu
    and Chandra, Satish
    and Dolby, Julian
    and Fink, Stephen J.
    and Yahav, Eran},
  editor={Clarke, Dave
    and Noble, James
    and Wrigstad, Tobias},
  title={Alias Analysis for Object-Oriented Programs},
  bookTitle={Aliasing in Object-Oriented Programming. Types, Analysis and Verification},
  year={2013},
  publisher={Springer Berlin Heidelberg},
  address={Berlin, Heidelberg},
  pages={196--232},
  isbn={978-3-642-36946-9},
  doi={10.1007/978-3-642-36946-9_8},
  url={https://doi.org/10.1007/978-3-642-36946-9_8}
}

@article{ParizekBUBEN,
 author = {Par\'{\i}zek, Pavel},
 title = {{BUBEN: Automated Library Abstractions Enabling Scalable Bug Detection for Large Programs with I/O and Complex Environment}},
 year = {2019, to appear},
}

@inproceedings{ParizekHybridAnalysis,
 author = {Par\'{\i}zek, Pavel},
 title = {{Hybrid Analysis for Partial Order Reduction of Programs with Arrays}},
 booktitle = {Proceedings of the 17th International Conference on Verification, Model Checking, and Abstract Interpretation - Volume 9583},
 series = {VMCAI 2016},
 year = {2016},
 isbn = {978-3-662-49121-8},
 location = {St. Petersburg, FL, USA},
 pages = {291--310},
 numpages = {20},
 url = {http://dx.doi.org/10.1007/978-3-662-49122-5_14},
 doi = {10.1007/978-3-662-49122-5_14},
 acmid = {2963206},
 publisher = {Springer-Verlag New York, Inc.},
 address = {New York, NY, USA},
}















